maxAge,endDate,totalRevenue,costOfRevenue,grossProfit,researchDevelopment,sellingGeneralAdministrative,nonRecurring,otherOperatingExpenses,totalOperatingExpenses,operatingIncome,totalOtherIncomeExpenseNet,ebit,interestExpense,incomeBeforeTax,incomeTaxExpense,minorityInterest,netIncomeFromContinuingOps,discontinuedOperations,extraordinaryItems,effectOfAccountingCharges,otherItems,netIncome,netIncomeApplicableToCommonShares,type,kode
1,2021-12-31,11530471713036,9774045780098,1756425932938,{},635365187565,{},60909997286,10470320964949,1060150748087,-617071226237,1060150748087,-778545491374,443079521850,356579721465,57888200390,86499800385,{},{},{},{},55185184473,55185184473,A,ADHI.JK
1,2020-12-31,10827682417205,9091968816661,1735713600544,{},727680741009,{},9333637697,9828983195367,998699221838,-642358582740,998699221838,-745204270779,356340639098,332637986651,26543584478,23702652447,{},{},{},{},23976887476,23976887476,A,ADHI.JK
1,2019-12-31,15307860220494,12971806607215,2336053613279,{},894067305939,{},9333637697,13865873913154,1441986307340,-258411232696,1441986307340,-546834783129,1183575074644,518526653115,24279135516,665048421529,{},{},{},{},663806247566,663806247566,A,ADHI.JK
1,2018-12-31,15655499866493,13148896372495,2506603493998,{},707672316457,{},9333637697,13856568688952,1798931177541,-631154192518,1798931177541,-523743725994,1167776985023,522747535918,10786961553,645029449105,{},{},{},{},644158905208,644158905208,A,ADHI.JK
1,2022-06-30,4341371520066,3944837415144,396534104922,{},182326879893,{},{},4127164295037,214207225029,-112092445340,214207225029,-201385596930,102114779689,85799752759,360239094644,16315026930,{},{},{},{},1551181456,1551181456,Q,ADHI.JK
1,2022-03-31,1985413236711,1682608143904,302805092807,{},149410271029,{},{},1832018414933,153394821778,-86734120481,153394821778,-186212506154,66660701297,47590689758,134831232362,19070011539,{},{},{},{},8678979566,8678979566,Q,ADHI.JK
1,2021-12-31,4179713509387,3508718534754,670994974633,{},144836819311,{},60909997286,3714465351351,465248158036,-210681407880,465248158036,-206866042852,254566750156,191077432777,57888200390,63489317379,{},{},{},{},38165437459,38165437459,Q,ADHI.JK
1,2021-09-30,2906011340311,2492913207614,413098132697,{},156204034533,{},60909997286,2649117242147,256894098164,-173947199200,256894098164,-222014818598,82946898964,67998832491,32564320470,14948066473,{},{},{},{},8738857759,8738857759,Q,ADHI.JK
1,2021-12-31,3992718000,2222972000,1769746000,{},185045000,{},32917000,2440934000,1551784000,-65533000,1551784000,-83334000,1486251000,457658000,321535000,1028593000,{},{},{},{},933492000,933492000,A,ADRO.JK
1,2020-12-31,2534842000,1958113000,576729000,{},165381000,{},42158000,2165652000,369190000,-147025000,369190000,-89425000,222165000,63660000,239634000,158505000,{},{},{},{},146927000,146927000,A,ADRO.JK
1,2019-12-31,3457154000,2492563000,964591000,{},232585000,{},31863000,2757011000,700143000,-41040000,700143000,-66336000,659103000,224101000,253323000,435002000,{},{},{},{},404190000,404190000,A,ADRO.JK
1,2018-12-31,3619751000,2417015000,1202736000,{},193998000,{},-4171000,2606842000,1012909000,-191911000,1012909000,-65084000,820998000,343457000,652293000,477541000,{},{},{},{},417720000,417720000,A,ADRO.JK
1,2022-06-30,2316676000,893491000,1423185000,{},69100000,{},9928000,975873000,1340803000,93055000,1340803000,-20742000,1433858000,528470000,418346000,905388000,{},{},{},{},812588000,812588000,Q,ADRO.JK
1,2022-03-31,1224672000,622784000,601888000,{},66621000,{},-3623000,685782000,538890000,72531000,538890000,-17982000,611421000,171407000,343884000,440014000,{},{},{},{},400070000,400070000,Q,ADRO.JK
1,2021-12-31,1423600000,624628000,798972000,{},54513000,{},7127000,686268000,737332000,66128000,737332000,-18335000,803460000,240142000,321535000,563318000,{},{},{},{},512589000,512589000,Q,ADRO.JK
1,2021-09-30,1006361000,534811000,471550000,{},44216000,{},-1561000,577466000,428895000,-46238000,428895000,-18506000,382657000,106677000,278812000,275980000,{},{},{},{},250939000,250939000,Q,ADRO.JK
1,2021-12-31,25707068900000,23421775124000,2285293776000,{},829987854000,{},9034080000,24260797058000,1446271842000,-710149000,1446271842000,-57068728000,1445561693000,310559937000,1953848784000,1135001756000,{},{},{},{},1111613585000,1111613585000,A,AKRA.JK
1,2020-12-31,17715928111000,15674631864000,2041296247000,{},839872874000,{},-7105786000,16507398952000,1208529159000,34446255000,1208529159000,-74283971000,1242975414000,280978101000,1803979063000,961997313000,{},{},{},{},924918465000,924918465000,A,AKRA.JK
1,2019-12-31,21702637573000,19818560242000,1884077331000,{},790038293000,{},2730163000,20737961728000,964675845000,-51229864000,964675845000,-109792484000,913445981000,213950398000,1730586519000,699495583000,3581696000,{},{},{},717205137000,717205137000,A,AKRA.JK
1,2018-12-31,23548144117000,21998911938000,1549232179000,{},633783792000,{},-53150773000,22579544957000,968599160000,-54042261000,968599160000,-86484498000,914556899000,251216105000,1555723225000,663340794000,933312027000,{},{},{},1644834070000,1644834070000,A,AKRA.JK
1,2022-06-30,11054726719000,10247940469000,806786250000,{},205405609500,{},-2706036000,10450640042500,604086676500,-15139136000,604086676500,-15617505500,588947540500,125242155500,2005532355000,463705385000,{},{},{},{},477730910000,477730910000,Q,AKRA.JK
1,2022-03-31,11054726719000,10247940469000,806786250000,{},205405609500,{},-2706036000,10450640042500,604086676500,-15139136000,604086676500,-15617505500,588947540500,125242155500,2005532355000,463705385000,{},{},{},{},477730910000,477730910000,Q,AKRA.JK
1,2021-12-31,8457542318000,7745419589000,712122729000,{},305575590000,{},17408649000,8068403828000,389138490000,-6338382000,389138490000,-7702273000,382800108000,84209093000,1953848784000,298591015000,{},{},{},{},314627668000,314627668000,Q,AKRA.JK
1,2021-09-30,6543220716000,6059189633000,484031083000,{},181946342000,{},-4335130000,6236800845000,306419871000,2240209000,306419871000,-16620005000,308660080000,82613913000,1941256700000,226046167000,{},{},{},{},246595405000,246595405000,Q,AKRA.JK
1,2021-12-31,38445595000000,30753020000000,7692575000000,{},3202698000000,{},233558000000,34424178000000,4021417000000,-977908000000,4021417000000,-287865000000,3043509000000,1181769000000,18000000,1861740000000,{},{},{},{},1861743000000,1861743000000,A,ANTM.JK
1,2020-12-31,27372461000000,22594397000000,4778064000000,{},2237350000000,{},163468000000,25079433000000,2293028000000,-651850000000,2293028000000,-397717000000,1641178000000,491824000000,21000000,1149354000000,{},{},{},{},1149353000000,1149353000000,A,ANTM.JK
1,2019-12-31,32718542699000,27993248918000,4725293781000,{},3022629292000,{},427637946000,31482340100000,1236202599000,-549168546000,1236202599000,-500211226000,687034053000,493182022000,19854000,193852031000,{},{},{},{},193851147000,193851147000,A,ANTM.JK
1,2018-12-31,25275245970000,20581724450000,4693521520000,{},2497119519580,{},298024676000,23429114544580,1846131425420,167021375580,1846131425420,-527645280000,2013152801000,377150210000,18970000,1636002591000,{},{},{},{},1636001028000,1636001028000,A,ANTM.JK
1,2022-06-30,9025988000000,7492473000000,1533515000000,{},1625233000000,{},-6897000000,9192932000000,-166944000000,524421000000,-166944000000,-40747000000,357477000000,296964000000,17000000,60513000000,{},{},{},{},60514000000,60514000000,Q,ANTM.JK
1,2022-03-31,9746873000000,7278840000000,2468033000000,{},689123000000,{},161490000000,8142504000000,1604369000000,251606000000,1604369000000,-43619000000,1855975000000,390593000000,18000000,1465382000000,{},{},{},{},1465382000000,1465382000000,Q,ANTM.JK
1,2021-12-31,11969338924000,9797215349000,2172123575000,{},588009069000,{},82064558000,10617855976000,1351482948000,-837978116000,1351482948000,-60782839000,513504832000,362224534000,18000000,151280298000,{},{},{},{},151282951000,151282951000,Q,ANTM.JK
1,2021-09-30,9201233137000,7030927416000,2170305721000,{},990691869000,{},103805650000,8247906142000,953326995000,-131372841000,953326995000,-75039445000,821954154000,271916192000,20397000,550037962000,{},{},{},{},550039094000,550039094000,Q,ANTM.JK
1,2021-12-31,233485000000000,189484000000000,44001000000000,{},16926000000000,{},{},206525000000000,26960000000000,5390000000000,26960000000000,-2271000000000,32350000000000,6764000000000,43562000000000,25586000000000,{},{},{},{},20196000000000,20196000000000,A,ASII.JK
1,2020-12-31,175046000000000,144832000000000,30214000000000,{},15791000000000,{},{},160727000000000,14319000000000,7422000000000,14319000000000,-3392000000000,21741000000000,3170000000000,39792000000000,18571000000000,{},{},{},{},16164000000000,16164000000000,A,ASII.JK
1,2019-12-31,237166000000000,192560000000000,44606000000000,{},16529000000000,{},{},209089000000000,28077000000000,5977000000000,28077000000000,-4382000000000,34054000000000,7433000000000,38916000000000,26621000000000,{},{},{},{},21707000000000,21707000000000,A,ASII.JK
1,2018-12-31,239205000000000,194512000000000,44693000000000,{},16524000000000,{},{},211036000000000,28169000000000,6826000000000,28169000000000,-3105000000000,34995000000000,7623000000000,37416000000000,27372000000000,{},{},{},{},21673000000000,21673000000000,A,ASII.JK
1,2022-06-30,71821000000000,55766000000000,16055000000000,{},4296000000000,{},{},60062000000000,11759000000000,5585000000000,11759000000000,-504000000000,17344000000000,2699000000000,48244000000000,14645000000000,{},{},{},{},11315000000000,11315000000000,Q,ASII.JK
1,2022-03-31,71871000000000,56132000000000,15739000000000,{},6599000000000,{},{},62731000000000,9140000000000,2318000000000,9140000000000,-509000000000,11458000000000,2186000000000,46091000000000,9272000000000,{},{},{},{},6859000000000,6859000000000,Q,ASII.JK
1,2021-12-31,66083000000000,52941000000000,13142000000000,{},5471000000000,{},{},58449000000000,7634000000000,1033000000000,7634000000000,-539000000000,8667000000000,2099000000000,43562000000000,6568000000000,{},{},{},{},5219000000000,5219000000000,Q,ASII.JK
1,2021-09-30,60007000000000,47730000000000,12277000000000,{},4531000000000,{},{},52339000000000,7668000000000,2024000000000,7668000000000,-570000000000,9692000000000,1817000000000,43016000000000,7875000000000,{},{},{},{},6146000000000,6146000000000,Q,ASII.JK
1,2021-12-31,2847323717000,1343847460000,1503476257000,{},393703214000,{},{},1737550674000,1109773043000,-879712405000,1109773043000,-817917145000,230060638000,87131847000,96827237000,142928791000,{},{},{},{},145693623000,145693623000,A,ASRI.JK
1,2020-12-31,1413251961000,823342947000,589909014000,{},417128683000,{},{},1240471630000,172780331000,-1096017212000,172780331000,-742801578000,-923236881000,113380984000,99489192000,-1036617865000,{},{},{},{},-1027706333000,-1027706333000,A,ASRI.JK
1,2019-12-31,3475677175000,1289665209000,2186011966000,{},494117365000,{},{},1783782574000,1691894601000,-488838212000,1691894601000,-595400737000,1203056389000,190109077000,109127282000,1012947312000,{},{},{},{},1011628134000,1011628134000,A,ASRI.JK
1,2018-12-31,3975258160000,1541400290000,2433857870000,{},455911945000,{},{},1997312235000,1977945925000,-823043661000,1977945925000,-442404865000,1154902264000,184315664000,107853641000,970586600000,{},{},{},{},970096143000,970096143000,A,ASRI.JK
1,2022-06-30,1006714393000,403163833000,603550560000,{},122235094000,{},{},525398927000,481315466000,-385313016000,481315466000,-220690352000,96002450000,14545584000,98543027000,81456866000,{},{},{},{},79984568000,79984568000,Q,ASRI.JK
1,2022-03-31,947191306000,452314113000,494877193000,{},93301933000,{},{},545616046000,401575260000,-239255393000,401575260000,-216479079000,162319867000,25272111000,97045011000,137047756000,{},{},{},{},136855702000,136855702000,Q,ASRI.JK
1,2021-12-31,1075468619000,484294021000,591174598000,{},90899451000,{},{},575193472000,500275147000,-181755147000,500275147000,-216594512000,318520000000,33038994000,96827237000,285481006000,{},{},{},{},284644081000,284644081000,Q,ASRI.JK
1,2021-09-30,662094942000,296972690000,365122252000,{},92030142000,{},{},389002832000,273092110000,-148648034000,273092110000,-191723692000,124444076000,18860531000,95835518000,105583545000,{},{},{},{},105963691000,105963691000,Q,ASRI.JK
1,2021-12-31,69144054000000,1887094000000,67256960000000,{},24920779000000,{},3495007000000,30302880000000,38841174000000,0,0,{},38841174000000,7401015000000,136172000000,31440159000000,{},{},{},{},31422660000000,31422660000000,A,BBCA.JK
1,2020-12-31,63531238000000,1444209000000,62087029000000,{},24723622000000,{},3778554000000,29946385000000,33584853000000,-16346000000,0,{},33568507000000,6421398000000,118383000000,27147109000000,{},{},{},{},27131109000000,27131109000000,A,BBCA.JK
1,2019-12-31,67022947000000,1517288000000,65505659000000,{},25772417000000,{},3432681000000,30722386000000,36300561000000,-11563000000,0,{},36288998000000,7719024000000,100225000000,28569974000000,{},{},{},{},28565053000000,28565053000000,A,BBCA.JK
1,2018-12-31,60353186000000,1285133000000,59068053000000,{},23762981000000,{},2508970000000,27557084000000,32796102000000,-90038000000,0,{},32706064000000,6854404000000,93743000000,25851660000000,{},{},{},{},25855154000000,25855154000000,A,BBCA.JK
1,2022-06-30,19737067000000,324148000000,19412919000000,{},6228001000000,{},839809000000,7391958000000,12345109000000,0,0,{},12345109000000,2356448000000,141783000000,9988661000000,{},{},{},{},9985038000000,9985038000000,Q,BBCA.JK
1,2022-03-31,17734669000000,575697000000,17158972000000,{},6568723000000,{},636925000000,7781345000000,9953324000000,0,0,{},9953324000000,1885576000000,138794000000,8067748000000,{},{},{},{},8064433000000,8064433000000,Q,BBCA.JK
1,2021-12-31,18809277000000,645440000000,18163837000000,{},6896632000000,{},1066957000000,8609029000000,10200248000000,0,0,{},10200248000000,1971802000000,136172000000,8228446000000,{},{},{},{},8223998000000,8223998000000,Q,BBCA.JK
1,2021-09-30,18153705000000,526938000000,17626767000000,{},5791768000000,{},1069106000000,7387812000000,10765893000000,0,0,{},10765893000000,2018036000000,131530000000,8747857000000,{},{},{},{},8742797000000,8742797000000,Q,BBCA.JK
1,2021-12-31,34987365000000,616038000000,34371327000000,{},20253648000000,{},2625611000000,23495297000000,11492068000000,1058919000000,0,{},12550987000000,1573936000000,2781605000000,10977051000000,{},{},{},{},10898518000000,10898518000000,A,BBNI.JK
1,2020-12-31,27896638000000,646616000000,27250022000000,{},19186278000000,{},3181268000000,23014162000000,4882476000000,229677000000,0,{},5112153000000,1790711000000,2679679000000,3321442000000,{},{},{},{},3280403000000,3280403000000,A,BBNI.JK
1,2019-12-31,40819158000000,641450000000,40177708000000,{},19105823000000,{},2819011000000,22566284000000,18252874000000,1116232000000,0,{},19369106000000,3860523000000,2488369000000,15508583000000,{},{},{},{},15384476000000,15384476000000,A,BBNI.JK
1,2018-12-31,39385208000000,582837000000,38802371000000,{},17881249000000,{},2335872000000,20799958000000,18585250000000,1235465000000,0,{},19820715000000,4728952000000,2296905000000,15091763000000,{},{},{},{},15015118000000,15015118000000,A,BBNI.JK
1,2022-06-30,11493570000000,166176000000,11327394000000,{},4906780000000,{},955917000000,6028873000000,5464697000000,482754000000,0,{},5947451000000,1050632000000,4248074000000,4896819000000,{},{},{},{},4840929000000,4840929000000,Q,BBNI.JK
1,2022-03-31,11080000000000,140282000000,11080000000000,{},4660000000000,{},1484000000000,6144000000000,4936000000000,1043400000000,0,{},4871000000000,909000000000,2705223000000,3962000000000,{},{},{},{},3962000000000,3962000000000,Q,BBNI.JK
1,2021-12-31,8943816000000,170626000000,8773190000000,{},5561755000000,{},799445000000,6531826000000,2411990000000,502373000000,0,{},2914363000000,-290306000000,2781605000000,3204669000000,{},{},{},{},3152201000000,3152202000000,Q,BBNI.JK
1,2021-09-30,9107867000000,142192000000,8965675000000,{},5213455000000,{},625058000000,5980705000000,3127162000000,224569000000,0,{},3351731000000,617924000000,2690046000000,2733807000000,{},{},{},{},2719714000000,2719713000000,Q,BBNI.JK
1,2021-12-31,111422160000000,1390913000000,110031247000000,{},59117575000000,{},17923204000000,78431692000000,32990468000000,8001597000000,0,{},40992065000000,7835608000000,3051821000000,33156457000000,{},{},{},{},33467283000000,33467283000000,A,BBRI.JK
1,2020-12-31,92228752000000,1366489000000,90862263000000,{},52565546000000,{},15551060000000,69483095000000,22745657000000,7247749000000,0,{},29993406000000,8951971000000,2550831000000,21041435000000,{},{},{},{},21035795000000,21035795000000,A,BBRI.JK
1,2019-12-31,81939989000000,1311163000000,80628826000000,{},37947956000000,{},5963868000000,45222987000000,36717002000000,6647051000000,0,{},43364053000000,8950228000000,2460903000000,34413825000000,{},{},{},{},34372609000000,34372609000000,A,BBRI.JK
1,2018-12-31,77511555000000,1189443000000,76322112000000,{},35249604000000,{},5201823000000,41640870000000,35870685000000,5883009000000,0,{},41753694000000,9335208000000,2307788000000,32418486000000,{},{},{},{},32351133000000,32351133000000,A,BBRI.JK
1,2022-06-30,32885741000000,456351000000,32429390000000,{},14917144000000,{},4163026000000,19536521000000,13349220000000,2515176000000,0,{},15864396000000,3207746000000,3684357000000,12656650000000,{},{},{},{},12618981000000,12618981000000,Q,BBRI.JK
1,2022-03-31,30916641000000,388447000000,30528194000000,{},14509615000000,{},3018672000000,17916734000000,12999907000000,2359976000000,0,{},15359883000000,3140262000000,3711622000000,12219621000000,{},{},{},{},12167224000000,12167224000000,Q,BBRI.JK
1,2021-12-31,48084461000000,528649000000,47555812000000,{},25149065000000,{},8842014000000,34519728000000,13564733000000,2118307000000,0,{},15683040000000,1596614000000,3051821000000,14086426000000,{},{},{},{},14211033000000,14211033000000,Q,BBRI.JK
1,2021-09-30,22193818000000,316082000000,21877736000000,{},12606076000000,{},2498387000000,15420545000000,6773273000000,2156225000000,0,{},8929498000000,2399303000000,2998227000000,6530195000000,{},{},{},{},6783623000000,6783623000000,Q,BBRI.JK
1,2021-12-31,11726393000000,1012177000000,10714216000000,{},6129594000000,{},509192000000,7650963000000,4075430000000,-1082110000000,0,{},2993320000000,617093000000,{},2376227000000,{},{},{},{},2376227000000,2376227000000,A,BBTN.JK
1,2020-12-31,9180679000000,1017544000000,8163135000000,{},5073924000000,{},289566000000,6381034000000,2799645000000,-528788000000,0,{},2270857000000,668499000000,{},1602358000000,{},{},{},{},1602358000000,1602358000000,A,BBTN.JK
1,2019-12-31,7584988000000,1036317000000,6548671000000,{},5252660000000,{},306447000000,6595424000000,989564000000,-578502000000,0,{},411062000000,201799000000,{},209263000000,{},{},{},{},209263000000,209263000000,A,BBTN.JK
1,2018-12-31,10446440000000,924065000000,9522375000000,{},5177850000000,{},349097000000,6451012000000,3995428000000,-385153000000,0,{},3610275000000,802352000000,{},2807923000000,{},{},{},{},2807923000000,2807923000000,A,BBTN.JK
1,2022-06-30,3228338000000,263450000000,2964888000000,{},2113999000000,{},177277000000,2554726000000,673612000000,262179000000,0,{},935791000000,239289000000,{},696502000000,{},{},{},{},696502000000,696502000000,Q,BBTN.JK
1,2022-03-31,3345000000000,246237000000,3345000000000,{},1085430000000,{},2357000000000,2357000000000,988000000000,-653037000000,0,{},982000000000,208000000000,{},774000000000,{},{},{},{},774000000000,774000000000,Q,BBTN.JK
1,2021-12-31,3449442000000,276582000000,3172860000000,{},1469864000000,{},229249000000,1975695000000,1473747000000,-529557000000,0,{},944190000000,83359000000,{},860831000000,{},{},{},{},860831000000,860831000000,Q,BBTN.JK
1,2021-09-30,2882983000000,243660000000,2639323000000,{},1554241000000,{},96394000000,1894295000000,988688000000,-185762000000,0,{},802926000000,207597000000,{},595329000000,{},{},{},{},595329000000,595329000000,Q,BBTN.JK
1,2021-12-31,910709348365,288710531273,621998817092,{},221325504897,{},22416807839,532452844009,378256504356,-80810070629,378256504356,-261670368017,297446433727,68176082847,1483676828890,229270350880,{},{},{},{},261472609470,261472609470,A,BKSL.JK
1,2020-12-31,451847226952,206848297906,244998929046,{},184097454480,{},45876304802,436822057188,15025169764,-557040718995,15025169764,-318761061840,-542015549231,14286233398,1515503019330,-556301782629,{},{},{},{},-608784173814,-608784173814,A,BKSL.JK
1,2019-12-31,951421027715,390925955236,560495072479,{},252378548887,{},113288367574,756592871697,194828156018,-107552657235,194828156018,-199746367300,87275498783,18347421371,1182804894346,68928077412,{},{},{},{},49505385523,49505385523,A,BKSL.JK
1,2018-12-31,1316805554419,616539045088,700266509331,{},314216276134,{},37403330482,968158651704,348646902715,53261839577,348646902715,-164287603179,401908742292,33317425843,1163965260721,368591316449,{},{},{},{},335872044497,335872044497,A,BKSL.JK
1,2022-06-30,310451173853,74818806358,235632367495,{},49186619148,{},9282329662,133287755168,177163418685,-159973289776,177163418685,-123872032385,17190128909,8523911037,1478452084096,8666217872,{},{},{},{},-245588586,-245588586,Q,BKSL.JK
1,2022-03-31,98111547392,47378946967,50732600425,{},38997487435,{},1542441723,87918876125,10192671267,-43842200981,10192671267,-49408630964,-33649529714,1556045882,1469540277638,-35205575596,{},{},{},{},-21069024344,-21069024344,Q,BKSL.JK
1,2021-12-31,-1711137083172,-1629612303318,-81524779854,{},47234189647,{},37877039089,-1544501074582,-166636008590,101087857999,-166636008590,-81800812159,-65548150591,5216528047,1483676828890,-70764678638,{},{},{},{},-51894809615,-51894809615,Q,BKSL.JK
1,2021-09-30,199675605156,95312507239,104363097917,{},42619987768,{},2625241485,140557736492,59117868664,-41417866270,59117868664,-49465091224,17700002394,4421380473,1527246228853,13278621921,{},{},{},{},18898828482,18898828482,Q,BKSL.JK
1,2021-12-31,86552332000000,1863203000000,84689129000000,{},40333608000000,{},6008479000000,48205290000000,38347042000000,11379000000,0,{},38358421000000,7807324000000,17424670000000,30551097000000,{},{},{},{},28028155000000,28028155000000,A,BMRI.JK
1,2020-12-31,70268800000000,1396956000000,68871844000000,{},37169852000000,{},7273803000000,45840611000000,24428189000000,-35784000000,0,{},24392405000000,5993477000000,15321204000000,18398928000000,{},{},{},{},16799515000000,16799515000000,A,BMRI.JK
1,2019-12-31,76835074000000,1490891000000,75344183000000,{},33365208000000,{},5463163000000,40319262000000,36515812000000,-74372000000,0,{},36441440000000,7985848000000,4433672000000,28455592000000,{},{},{},{},27482133000000,27482133000000,A,BMRI.JK
1,2018-12-31,71246382000000,1483710000000,69762672000000,{},31426064000000,{},4410927000000,37320701000000,33925681000000,17688000000,0,{},33943369000000,8091432000000,3757788000000,25851937000000,{},{},{},{},25015021000000,25015021000000,A,BMRI.JK
1,2022-06-30,25932668000000,296551000000,25636117000000,{},9962771000000,{},1630406000000,11889728000000,14042940000000,8916000000,0,{},14051856000000,2901697000000,18265140000000,11150159000000,{},{},{},{},10177683000000,10177683000000,Q,BMRI.JK
1,2022-03-31,25710000000000,431210000000,25710000000000,{},10493000000000,{},1520000000000,12013000000000,13697000000000,5805000000,0,{},13706000000000,3674000000000,18245000000000,10032000000000,{},{},{},{},10032000000000,10032000000000,Q,BMRI.JK
1,2021-12-31,23872169000000,693807000000,23178362000000,{},11563148000000,{},688045000000,12945000000000,10927169000000,20744000000,0,{},10947913000000,1450362000000,17424670000000,9497551000000,{},{},{},{},8799080000000,8799080000000,Q,BMRI.JK
1,2021-09-30,21364091000000,455119000000,20908972000000,{},9753626000000,{},1762767000000,11971512000000,9392579000000,90304000000,0,{},9482883000000,2114498000000,16672581000000,7368385000000,{},{},{},{},6727941000000,6727941000000,Q,BMRI.JK
1,2021-12-31,7654802250986,3035343991377,4619458259609,{},1888404506866,{},101900105678,5025648603921,2629153647065,-845250371032,2629153647065,-1637866903607,1783903276033,245062319860,4438109373863,1538840956173,{},{},{},{},1348623038141,1348623038141,A,BSDE.JK
1,2020-12-31,6180589086059,2087493131859,4093095954200,{},1779221563671,{},109675438459,3976390133989,2204198952070,-1480118747335,2204198952070,-1775299329911,724080204735,237822390577,4351768056812,486257814158,{},{},{},{},281700888667,281700888667,A,BSDE.JK
1,2019-12-31,7084864038574,2168059505419,4916804533155,{},2014589216944,{},109372593903,4292021316266,2792842722308,637038919544,2792842722308,-1027110941897,3429881641852,299805538400,4398051850620,3130076103452,{},{},{},{},2791416326399,2791416326399,A,BSDE.JK
1,2018-12-31,6628782185008,2014058580235,4614723604773,{},2081652625537,{},95229571441,4190940777213,2437841407795,-404754174327,2437841407795,-893649223401,2033087233468,331269538541,4177164977141,1701817694927,{},{},{},{},1293850222563,1293850222563,A,BSDE.JK
1,2022-06-30,1808838427533,723425394520,1085413033013,{},606209461675,{},18508483169,1348143339364,460695088169,-252148655043,460695088169,-447626005717,208546433126,71576006003,4404904807125,136970427123,{},{},{},{},115734544124,115734544124,Q,BSDE.JK
1,2022-03-31,2026785015960,791983863205,1234801152755,{},532375538367,{},7931719079,1332291120651,694493895309,-256153483863,694493895309,-392790800382,438340411446,66275224764,4462272277853,372065186682,{},{},{},{},347902282692,347902282692,Q,BSDE.JK
1,2021-12-31,2487593359569,1103527832538,1384065527031,{},525542911930,{},3007660412,1632078404880,855514954689,-272214682272,855514954689,-404449154813,583300272417,76862354353,4438109373863,506437918064,{},{},{},{},417847414892,417847414892,Q,BSDE.JK
1,2021-09-30,1913087315832,811821967104,1101265348728,{},505452569284,{},50634379877,1367908916265,545178399567,-199860842999,545178399567,-377962549920,345317556568,59875341001,4396217810861,285442215567,{},{},{},{},250771292854,250771292854,Q,BSDE.JK
1,2021-12-31,51698249000000,43468464000000,8229785000000,{},3528500000000,{},-174701000000,46750381000000,4947868000000,-314322000000,4947868000000,-328551000000,4633546000000,1014536000000,14711000000,3619010000000,{},{},{},{},3620961000000,3620961000000,A,CPIN.JK
1,2020-12-31,42518782000000,34283382000000,8235400000000,{},2825475000000,{},291132000000,37399989000000,5118793000000,-351095000000,5118793000000,-368057000000,4767698000000,921865000000,16652000000,3845833000000,{},{},{},{},3842083000000,3842083000000,A,CPIN.JK
1,2019-12-31,42501146000000,34573080000000,7928066000000,{},2743187000000,{},242971000000,37559238000000,4941908000000,-333267000000,4941908000000,-355372000000,4608641000000,966415000000,12951000000,3642226000000,{},{},{},{},3644672000000,3644672000000,A,CPIN.JK
1,2018-12-31,53957604000000,44812172000000,9145432000000,{},2683540000000,{},-19447000000,47476265000000,6481339000000,-573988000000,6481339000000,-401195000000,5907351000000,1355866000000,15454000000,4551485000000,{},{},{},{},4554391000000,4554391000000,A,CPIN.JK
1,2022-06-30,14341893000000,11835624000000,2506269000000,{},907254000000,{},-26731000000,12716147000000,1625746000000,-100714000000,1625746000000,-67442000000,1525032000000,297826000000,15888000000,1227206000000,{},{},{},{},1225724000000,1225724000000,Q,CPIN.JK
1,2022-03-31,14295430000000,11930990000000,2364440000000,{},880287000000,{},-59684000000,12751593000000,1543837000000,-70586000000,1543837000000,-67610000000,1473251000000,282291000000,14406000000,1190960000000,{},{},{},{},1191265000000,1191265000000,Q,CPIN.JK
1,2021-12-31,14104951000000,11807038000000,2297913000000,{},1150607000000,{},-258179000000,12627584000000,1477367000000,-104434000000,1477367000000,-168642000000,1372933000000,429005000000,14711000000,943928000000,{},{},{},{},944950000000,944950000000,Q,CPIN.JK
1,2021-09-30,12124245000000,11461471000000,662774000000,{},830710000000,{},83349000000,12375530000000,-251285000000,-55026000000,-251285000000,-53007000000,-306311000000,-148091000000,15723000000,-158220000000,{},{},{},{},-156980000000,-156980000000,Q,CPIN.JK
1,2021-12-31,8136563000000,7448004000000,688559000000,{},318916000000,{},54415000000,7821335000000,315228000000,-84476000000,315228000000,-103113000000,230752000000,121900000000,1609000000,108852000000,{},{},{},{},108740000000,108740000000,A,ELSA.JK
1,2020-12-31,7726945000000,6923151000000,803794000000,{},282313000000,{},84234000000,7289698000000,437247000000,-56238000000,437247000000,-96108000000,381009000000,131924000000,1508000000,249085000000,{},{},{},{},249082000000,249082000000,A,ELSA.JK
1,2019-12-31,8385122000000,7514040000000,871082000000,{},337401000000,{},84234000000,7851441000000,533681000000,-39102000000,533681000000,-48795000000,494579000000,138102000000,1660000000,356477000000,{},{},{},{},356474000000,356474000000,A,ELSA.JK
1,2018-12-31,6624774000000,5972680000000,652094000000,{},271319000000,{},84234000000,6243999000000,380775000000,-3957000000,380775000000,-34542000000,376818000000,100502000000,1705000000,276316000000,{},{},{},{},276314000000,276314000000,A,ELSA.JK
1,2022-06-30,2975099000000,2706297000000,268802000000,{},92328000000,{},{},2798625000000,176474000000,-858000000,176474000000,-29448000000,175616000000,24217000000,1610000000,151399000000,{},{},{},{},151399000000,151399000000,Q,ELSA.JK
1,2022-03-31,2445441000000,2245349000000,200092000000,{},86960000000,{},{},2332309000000,113132000000,-7207000000,113132000000,-20288000000,105925000000,30990000000,1610000000,74935000000,{},{},{},{},74934000000,74934000000,Q,ELSA.JK
1,2021-12-31,2416828000000,2148199000000,268629000000,{},80541000000,{},54415000000,2283155000000,133673000000,-21775000000,133673000000,-21736000000,111898000000,40603000000,1609000000,71295000000,{},{},{},{},71183000000,71183000000,Q,ELSA.JK
1,2021-09-30,2007443000000,1869484000000,137959000000,{},82920000000,{},54415000000,1952404000000,55039000000,-22228000000,55039000000,-24779000000,32811000000,35408000000,1508000000,-2597000000,{},{},{},{},-2596000000,-2596000000,Q,ELSA.JK
1,2021-12-31,26754050000000,9233274000000,17520776000000,{},4233991000000,{},{},23190389000000,3563661000000,-1856121000000,3563661000000,-2349015000000,1707540000000,419733000000,{},1287807000000,{},{},{},{},1287807000000,1287807000000,A,EXCL.JK
1,2020-12-31,26009095000000,9262799000000,16746296000000,{},3686270000000,{},{},22924361000000,3084734000000,-2938523000000,3084734000000,-2624428000000,146211000000,-225387000000,{},371598000000,{},{},{},{},371598000000,371598000000,A,EXCL.JK
1,2019-12-31,25132628000000,9017202000000,16115426000000,{},6149073000000,{},{},22529470000000,2603158000000,-1459041000000,2603158000000,-2111720000000,1144117000000,431538000000,{},712579000000,{},{},{},{},712579000000,712579000000,A,EXCL.JK
1,2018-12-31,22938812000000,8704501000000,14234311000000,{},5722004000000,{},{},22076066000000,862746000000,-5259026000000,862746000000,-1563013000000,-4396280000000,-1099390000000,{},-3296890000000,{},{},{},{},-3296890000000,-3296890000000,A,EXCL.JK
1,2022-06-30,7332770000000,2652357000000,4680413000000,{},1119941000000,{},{},6259962000000,1072808000000,-516942000000,1072808000000,-593510000000,555866000000,77946000000,121434000000,477920000000,{},{},{},{},475818000000,475818000000,Q,EXCL.JK
1,2022-03-31,6742059000000,2388893000000,4353166000000,{},1179262000000,{},{},6051896000000,690163000000,-517947000000,690163000000,-581294000000,172216000000,33124000000,121434000000,139092000000,{},{},{},{},139092000000,139092000000,Q,EXCL.JK
1,2021-12-31,6953857000000,2444156000000,4509701000000,{},1128452000000,{},{},5876131000000,1077726000000,-626279000000,1077726000000,-598860000000,451447000000,180039000000,121434000000,271408000000,{},{},{},{},271408000000,271408000000,Q,EXCL.JK
1,2021-09-30,6825994000000,2253084000000,4572910000000,{},1154976000000,{},{},5908137000000,917857000000,-504043000000,917857000000,-593866000000,413814000000,113373000000,121434000000,300441000000,{},{},{},{},300441000000,300441000000,Q,EXCL.JK
1,2021-12-31,124881266000000,110770521000000,14110745000000,{},6929692000000,{},-163994000000,117536219000000,7345047000000,-58201000000,7345047000000,-74919000000,7286846000000,1681525000000,66000000,5605321000000,{},{},{},{},5605315000000,5605315000000,A,GGRM.JK
1,2020-12-31,114477311000000,97210822000000,17266489000000,{},7390946000000,{},-209004000000,104392764000000,10084547000000,-421414000000,10084547000000,-382722000000,9663133000000,2015404000000,60000000,7647729000000,{},{},{},{},7647725000000,7647725000000,A,GGRM.JK
1,2019-12-31,110523819000000,87740564000000,22783255000000,{},7947038000000,{},-257048000000,95430554000000,15093265000000,-605529000000,15093265000000,-585354000000,14487736000000,3607032000000,55000000,10880704000000,{},{},{},{},10880701000000,10880701000000,A,GGRM.JK
1,2018-12-31,95707663000000,77063336000000,18644327000000,{},7456303000000,{},66014000000,84585653000000,11122010000000,-642768000000,11122010000000,-677562000000,10479242000000,2686174000000,52000000,7793068000000,{},{},{},{},7791822000000,7791822000000,A,GGRM.JK
1,2022-06-30,32381555000000,30518114000000,1863441000000,{},1975394000000,{},-28080000000,32465428000000,-83873000000,-60436000000,-83873000000,-71679000000,-144309000000,-23554000000,68000000,-120755000000,{},{},{},{},-120756000000,-120756000000,Q,GGRM.JK
1,2022-03-31,29290712000000,26018032000000,3272680000000,{},1896063000000,{},-86560000000,27827535000000,1463177000000,-89042000000,1463177000000,-93844000000,1374135000000,297234000000,67000000,1076901000000,{},{},{},{},1076900000000,1076900000000,Q,GGRM.JK
1,2021-12-31,32810410000000,29098843000000,3711567000000,{},1657607000000,{},13346000000,30769796000000,2040614000000,-33176000000,2040614000000,-33349000000,2007438000000,536693000000,66000000,1470745000000,{},{},{},{},1470743000000,1470743000000,Q,GGRM.JK
1,2021-09-30,31483557000000,27627127000000,3856430000000,{},1543847000000,{},-13822000000,29157152000000,2326405000000,-1520000000,2326405000000,-8940000000,2324885000000,500887000000,64000000,1823998000000,{},{},{},{},1823996000000,1823996000000,Q,GGRM.JK
1,2021-12-31,41512611000000,24592840000000,16919771000000,{},8336412000000,{},{},32929252000000,8583359000000,568807000000,8583359000000,-30230000000,9152166000000,2015069000000,{},7137097000000,{},{},{},{},7137097000000,7137097000000,A,HMSP.JK
1,2020-12-31,40252223000000,21480988000000,18771235000000,{},8369079000000,{},{},29850067000000,10402156000000,759310000000,10402156000000,-29470000000,11161466000000,2580088000000,{},8581378000000,{},{},{},{},8581378000000,8581378000000,A,HMSP.JK
1,2019-12-31,45868429000000,19745448000000,26122981000000,{},9045894000000,{},{},28791342000000,17077087000000,1182336000000,17077087000000,-30585000000,18259423000000,4537910000000,{},13721513000000,{},{},{},{},13721513000000,13721513000000,A,HMSP.JK
1,2018-12-31,45956880000000,20466089000000,25490791000000,{},8608863000000,{},{},29074952000000,16881928000000,1079341000000,16881928000000,-11660000000,17961269000000,4422851000000,{},13538418000000,{},{},{},{},13538418000000,13538418000000,A,HMSP.JK
1,2022-06-30,8231035000000,4509910000000,3721125000000,{},2274048000000,{},{},6783958000000,1447077000000,56362000000,1447077000000,-5097000000,1503439000000,370264000000,{},1133175000000,{},{},{},{},1133175000000,1133175000000,Q,HMSP.JK
1,2022-03-31,8559615000000,4299453000000,4260162000000,{},1892158000000,{},{},6191611000000,2368004000000,116081000000,2368004000000,-5157000000,2484085000000,569119000000,{},1914966000000,{},{},{},{},1914966000000,1914966000000,Q,HMSP.JK
1,2021-12-31,16398375000000,12213682000000,4184693000000,{},2255692000000,{},{},14469374000000,1929001000000,114639000000,1929001000000,-5433000000,2043640000000,461034000000,{},1582606000000,{},{},{},{},1582606000000,1582606000000,Q,HMSP.JK
1,2021-09-30,4153588000000,253665000000,3899923000000,{},2187310000000,{},{},2440975000000,1712613000000,120898000000,1712613000000,-12826000000,1833511000000,413001000000,{},1420510000000,{},{},{},{},1420510000000,1420510000000,Q,HMSP.JK
1,2021-12-31,56803733000000,36526493000000,20277240000000,{},8742483000000,{},-204068000000,45064908000000,11738825000000,-1767630000000,11738825000000,-1837077000000,9971195000000,2070913000000,20841960000000,7900282000000,{},{},{},{},6388477000000,6388477000000,A,ICBP.JK
1,2020-12-31,46641048000000,29416673000000,17224375000000,{},8106983000000,{},-81321000000,37442335000000,9198713000000,825122000000,9198713000000,-670545000000,10023835000000,2605261000000,20887762000000,7418574000000,{},{},{},{},6586907000000,6586907000000,A,ICBP.JK
1,2019-12-31,42296703000000,27892690000000,14404013000000,{},7125871000000,{},-269289000000,34749272000000,7547431000000,-67226000000,7547431000000,-161444000000,7480205000000,2120176000000,1370266000000,5360029000000,{},{},{},{},5038789000000,5038789000000,A,ICBP.JK
1,2018-12-31,38413407000000,26147857000000,12265550000000,{},6493793000000,{},-229361000000,32412289000000,6001118000000,504632000000,6001118000000,-147005000000,6505750000000,1846969000000,1088227000000,4658781000000,{},{},{},{},4575799000000,4575799000000,A,ICBP.JK
1,2022-06-30,15404784000000,10878904000000,4525880000000,{},2393294000000,{},1369000000,13273567000000,2131217000000,-1551761000000,2131217000000,-529214000000,579456000000,424425000000,20947624000000,155031000000,{},{},{},{},-10781000000,-10781000000,Q,ICBP.JK
1,2022-03-31,17188508000000,11312337000000,5876171000000,{},2504197000000,{},-8918000000,13807616000000,3380892000000,-611841000000,3380892000000,-543199000000,2769051000000,512265000000,21107407000000,2256786000000,{},{},{},{},1941004000000,1941004000000,Q,ICBP.JK
1,2021-12-31,14181680000000,9436353000000,4745327000000,{},1939931000000,{},-132259000000,11244025000000,2937655000000,-689561000000,2937655000000,-711361000000,2248094000000,429590000000,20841960000000,1818504000000,{},{},{},{},1418933000000,1418933000000,Q,ICBP.JK
1,2021-09-30,14422931000000,9323854000000,5099077000000,{},2533537000000,{},-14788000000,11842603000000,2580328000000,97777000000,2580328000000,-409221000000,2678105000000,560948000000,20874511000000,2117157000000,{},{},{},{},1748239000000,1748239000000,Q,ICBP.JK
1,2021-12-31,953174000,717810000,235364000,{},4204000,{},10441000,732455000,220719000,-74000,220719000,-2755000,220645000,54848000,10000,165797000,{},{},{},{},165797000,165797000,A,INCO.JK
1,2020-12-31,764744000,640365000,124379000,{},7385000,{},10600000,658350000,106394000,-1749000,106394000,-1610000,104645000,21826000,10000,82819000,{},{},{},{},82819000,82819000,A,INCO.JK
1,2019-12-31,782012000,664323000,117689000,{},13730000,{},14439000,692492000,89520000,-384000,89520000,-1673000,89136000,31736000,10000,57400000,{},{},{},{},57400000,57400000,A,INCO.JK
1,2018-12-31,776900000,672899000,104001000,{},11578000,{},9943000,694420000,82480000,137000,82480000,-3133000,82617000,22105000,10000,60512000,{},{},{},{},60512000,60512000,A,INCO.JK
1,2022-06-30,329451000,213957000,115494000,{},4448000,{},3801000,222206000,107245000,1346000,107245000,{},108591000,25784000,10000,82807000,{},{},{},{},82807000,82807000,Q,INCO.JK
1,2022-03-31,235085000,142356000,92729000,{},4325000,{},1475000,148156000,86929000,-190000,86929000,-806000,86739000,19091000,10000,67648000,{},{},{},{},67648000,67648000,Q,INCO.JK
1,2021-12-31,266741000,201022000,65719000,{},1081000,{},2451000,204554000,62187000,-357000,62187000,-806000,61830000,18970000,10000,42860000,{},{},{},{},42860000,42860000,Q,INCO.JK
1,2021-09-30,271486000,187650000,83836000,{},1066000,{},1864000,190580000,80906000,-1844000,80906000,-2029000,79062000,14911000,10000,64151000,{},{},{},{},64151000,64151000,Q,INCO.JK
1,2021-12-31,99345618000000,66768867000000,32576751000000,{},15364067000000,{},-197663000000,81935271000000,17410347000000,-2954262000000,17410347000000,-2842883000000,14456085000000,3252500000000,38367384000000,11203585000000,{},{},{},{},7642197000000,7642197000000,A,INDF.JK
1,2020-12-31,81731469000000,54976317000000,26755152000000,{},14095000000000,{},-192360000000,68878957000000,12852512000000,-426178000000,12852512000000,-1875812000000,12426334000000,3674268000000,36763746000000,8752066000000,{},{},{},{},6455632000000,6455632000000,A,INDF.JK
1,2019-12-31,76592955000000,53686241000000,22906714000000,{},13186529000000,{},-332808000000,66539962000000,10052993000000,-1224270000000,10052993000000,-1727018000000,8828723000000,2925994000000,16424540000000,5902729000000,{},{},{},{},4908172000000,4908172000000,A,INDF.JK
1,2018-12-31,73394728000000,53213605000000,20181123000000,{},12283723000000,{},-497388000000,64999940000000,8394788000000,-851252000000,8394788000000,-1553151000000,7543536000000,2581685000000,16302520000000,4961851000000,{},{},{},{},4166101000000,4166101000000,A,INDF.JK
1,2022-06-30,25340746000000,18261352000000,7079394000000,{},3928678000000,{},-154553000000,22035477000000,3305269000000,-1860255000000,3305269000000,-775031000000,1445014000000,586376000000,39317669000000,858638000000,{},{},{},{},542908000000,542908000000,Q,INDF.JK
1,2022-03-31,27446583000000,18330234000000,9116349000000,{},3985898000000,{},-29987000000,22286145000000,5160438000000,-928876000000,5160438000000,-773347000000,4231562000000,928174000000,39474766000000,3303388000000,{},{},{},{},2357840000000,2357840000000,Q,INDF.JK
1,2021-12-31,26537298000000,18106021000000,8431277000000,{},3418379000000,{},-124028000000,21400372000000,5136926000000,-1289407000000,5136926000000,-949266000000,3847519000000,645318000000,38367384000000,3202201000000,{},{},{},{},2232637000000,2232637000000,Q,INDF.JK
1,2021-09-30,25515651000000,17235447000000,8280204000000,{},4202440000000,{},175633000000,21613520000000,3902131000000,-19689000000,3902131000000,-661585000000,3882442000000,922521000000,37643514000000,2959921000000,{},{},{},{},1976392000000,1976392000000,Q,INDF.JK
1,2021-12-31,3069161119,2151039318,918121801,{},145401075,{},11329643,2443716905,625444214,-116562615,625444214,-103368142,508881599,301463775,120315132,207417824,-144101228,{},{},{},57719504,57719504,A,INDY.JK
1,2020-12-31,1813826560,1640520273,173306287,{},101401484,{},-21490503,1856058028,-42231468,-71218683,-42231468,-90864462,-113450151,7519945,181713784,-120970096,17522322,{},{},{},-117542428,-117542428,A,INDY.JK
1,2019-12-31,2782676420,2355974951,426701469,{},137177141,{},-8609728,2620213672,162462748,-88633244,162462748,-98619325,73829504,68837070,195101417,4992434,17522322,{},{},{},-18160152,-18160152,A,INDY.JK
1,2018-12-31,2962860901,2321645585,641215316,{},133158938,{},-5420299,2585051339,377809562,-100114877,377809562,-98020396,277694685,179832496,178566447,97862189,17522322,{},{},{},80067586,80067586,A,INDY.JK
1,2022-06-30,1108197038,700099029,408098009,{},52571294,{},-7629605,779058189,329138849,-29476580,329138849,-26516869,299662269,156047941,190161880,143614328,{},{},{},{},125609430,125609430,Q,INDY.JK
1,2022-03-31,830790127,570021045,260769082,{},40057620,{},6483203,650580918,180209209,-22260538,180209209,-25687858,157948671,73023512,155526173,84925159,{},{},{},{},75041581,75041581,Q,INDY.JK
1,2021-12-31,0,0,0,{},40057620,{},6483203,0,180209209,0,0,-25687858,157948671,0,120315132,84925159,{},{},{},{},0,75041581,Q,INDY.JK
1,2021-09-30,0,0,0,{},40057620,{},6483203,0,180209209,0,0,-25687858,157948671,0,171801814,84925159,{},{},{},{},0,75041581,Q,INDY.JK
1,2021-12-31,3516586000,2294381000,1222205000,{},363159000,{},{},2657540000,859046000,-196411000,859046000,-251614000,662635000,135596000,511000,527039000,{},{},{},{},527079000,527079000,A,INKP.JK
1,2020-12-31,2986033000,2130477000,855556000,{},324230000,{},{},2454707000,531326000,-147889000,531326000,-208200000,383437000,89396000,551000,294041000,{},{},{},{},294053000,294053000,A,INKP.JK
1,2019-12-31,3223153000,2356039000,867114000,{},306746000,{},{},2662785000,560368000,-162471000,560368000,-201129000,397897000,123507000,563000,274390000,{},{},{},{},274370000,274370000,A,INKP.JK
1,2018-12-31,3335441000,2136635000,1198806000,{},304759000,{},{},2441394000,894047000,-158292000,894047000,-184846000,735755000,147549000,544000,588206000,{},{},{},{},588127000,588127000,A,INKP.JK
1,2022-06-30,945335000,564142000,381193000,{},110511000,{},{},674653000,270682000,-7041000,270682000,-62683000,263641000,44839000,471000,218802000,{},{},{},{},218811000,218811000,Q,INKP.JK
1,2022-03-31,995718000,631668000,364050000,{},105851000,{},{},737519000,258199000,-37683000,258199000,-60961000,220516000,44089000,480000,176427000,{},{},{},{},176458000,176458000,Q,INKP.JK
1,2021-12-31,1009760000,640207000,369553000,{},99505000,{},{},739712000,270048000,-84774000,270048000,-88269000,185274000,49048000,511000,136226000,{},{},{},{},136227000,136227000,Q,INKP.JK
1,2021-09-30,879595000,575546000,304049000,{},90811000,{},{},666357000,213238000,-64477000,213238000,-63688000,148761000,40794000,512000,107967000,{},{},{},{},107952000,107952000,Q,INKP.JK
1,2021-12-31,14771906000000,9645624000000,5126282000000,{},2973282000000,{},-137845000000,12702308000000,2069598000000,207473000000,2069598000000,-24017000000,2277071000000,488575000000,{},1788496000000,{},{},{},{},1788496000000,1788496000000,A,INTP.JK
1,2020-12-31,14184322000000,9070770000000,5113552000000,{},2831354000000,{},32327000000,12234404000000,1949918000000,275875000000,1949918000000,-45193000000,2225793000000,419456000000,{},1806337000000,{},{},{},{},1806337000000,1806337000000,A,INTP.JK
1,2019-12-31,15939348000000,10439031000000,5500317000000,{},3503230000000,{},18890000000,13961151000000,1978197000000,385557000000,1978197000000,-1218000000,2363754000000,528449000000,{},1835305000000,{},{},{},{},1835305000000,1835305000000,A,INTP.JK
1,2018-12-31,15190283000000,10827830000000,4362453000000,{},3315974000000,{},-29230000000,14114574000000,1075709000000,408105000000,1075709000000,-3327000000,1483814000000,337877000000,{},1145937000000,{},{},{},{},1145937000000,1145937000000,A,INTP.JK
1,2022-06-30,3353349000000,2545005000000,808344000000,{},649842000000,{},-42494000000,3225661000000,127688000000,15019000000,127688000000,-8682000000,142707000000,33714000000,{},108993000000,{},{},{},{},108993000000,108993000000,Q,INTP.JK
1,2022-03-31,3557727000000,2597283000000,960444000000,{},708757000000,{},-16943000000,3352618000000,205109000000,31082000000,205109000000,-6359000000,236191000000,53636000000,{},182555000000,{},{},{},{},182555000000,182555000000,Q,INTP.JK
1,2021-12-31,4163253000000,2629223000000,1534030000000,{},840275000000,{},-15249000000,3504489000000,658764000000,43444000000,658764000000,-5448000000,702208000000,121970000000,{},580238000000,{},{},{},{},580238000000,580238000000,Q,INTP.JK
1,2021-09-30,3941713000000,2443541000000,1498172000000,{},770706000000,{},-99767000000,3172032000000,769681000000,49637000000,769681000000,-2594000000,819318000000,197637000000,{},621681000000,{},{},{},{},621681000000,621681000000,Q,INTP.JK
1,2021-12-31,2076813000,1128118000,948695000,{},125351000,{},165455000,1447615000,629198000,-8109000,629198000,-2689000,621089000,145699000,-7747000,475390000,{},{},{},{},475570000,475570000,A,ITMG.JK
1,2020-12-31,1185336000,968447000,216889000,{},95239000,{},18739000,1095630000,89706000,-17153000,89706000,-3473000,72553000,34725000,-7846000,37828000,{},{},{},{},39469000,39469000,A,ITMG.JK
1,2019-12-31,1715592000,1379779000,335813000,{},146162000,{},-11600000,1523466000,192126000,-6218000,192126000,-1498000,185908000,59406000,-5310000,126502000,{},{},{},{},129426000,129426000,A,ITMG.JK
1,2018-12-31,2007630000,1412939000,594691000,{},151909000,{},58332000,1633912000,373718000,-6355000,373718000,-1290000,367363000,108607000,-2776000,258756000,{},{},{},{},261951000,261951000,A,ITMG.JK
1,2022-06-30,781608000,358610000,422998000,{},43464000,{},42197000,448045000,333563000,-11210000,333563000,-869000,322353000,74894000,-6385000,247459000,{},{},{},{},247555000,247555000,Q,ITMG.JK
1,2022-03-31,639933000,289799000,350134000,{},36332000,{},28786000,362247000,277686000,-3175000,277686000,-986000,274511000,61288000,-7087000,213223000,{},{},{},{},213270000,213270000,Q,ITMG.JK
1,2021-12-31,753468000,350539000,402929000,{},43550000,{},74737000,482798000,270670000,-1609000,270670000,-663000,269061000,65155000,-7747000,203906000,{},{},{},{},204066000,204066000,Q,ITMG.JK
1,2021-09-30,647042000,337328000,309714000,{},34951000,{},71919000,450209000,196833000,999000,196833000,-627000,197832000,43950000,-7866000,153882000,{},{},{},{},153880000,153880000,Q,ITMG.JK
1,2021-12-31,15169552000000,8194329000000,6975223000000,{},1318888000000,{},863686000000,10376903000000,4792649000000,-2720196000000,4792649000000,-4469769000000,2072453000000,1201217000000,4894464000000,871236000000,{},{},{},{},1615281000000,1615281000000,A,JSMR.JK
1,2020-12-31,13704021000000,7924170000000,5779851000000,{},1150103000000,{},630858000000,9705131000000,3998890000000,-3302439000000,3998890000000,-3610284000000,696451000000,738080000000,5701126000000,-41629000000,{},{},{},{},501047000000,501047000000,A,JSMR.JK
1,2019-12-31,26345260000000,19385912000000,6959348000000,{},1361403000000,{},1227159000000,21974474000000,4370786000000,-1273183000000,4370786000000,-2404830000000,3097603000000,1023715000000,4503057000000,2073888000000,{},{},{},{},2207117000000,2207117000000,A,JSMR.JK
1,2018-12-31,36974075000000,30656153000000,6317922000000,{},1188959000000,{},872310000000,32717422000000,4256653000000,-1046344000000,4256653000000,-1750473000000,3210309000000,1173816000000,3290481000000,2036493000000,{},{},{},{},2202602000000,2202602000000,A,JSMR.JK
1,2022-03-31,3668874000000,1710779000000,1958095000000,{},260031000000,{},184752000000,2155562000000,1513312000000,-875665000000,1513312000000,-946162000000,637647000000,358390000000,4781937000000,279257000000,{},{},{},{},392804000000,392804000000,Q,JSMR.JK
1,2021-12-31,4537679000000,2454718000000,2082961000000,{},569631000000,{},299632000000,3323981000000,1213698000000,-263543000000,1213698000000,-1098177000000,950155000000,300158000000,4894464000000,649997000000,{},{},{},{},865864000000,865864000000,Q,JSMR.JK
1,2021-09-30,3749080000000,2267247000000,1481833000000,{},208929000000,{},163536000000,2639712000000,1109368000000,-1070239000000,1109368000000,-1090624000000,39129000000,325325000000,5485840000000,-286196000000,{},{},{},{},-106216000000,-106216000000,Q,JSMR.JK
1,2021-06-30,3389951000000,1671061000000,1718890000000,{},332571000000,{},342868000000,2346500000000,1043451000000,-247220000000,1043451000000,-1100019000000,796231000000,271686000000,5407916000000,524545000000,{},{},{},{},693796000000,693796000000,Q,JSMR.JK
1,2021-12-31,26261194512313,15154919664569,11106274847744,285158676999,6799744173483,{},-9490392905,22230332122146,4030862390167,141542769957,4030862390167,-45485899893,4172405160124,940397476843,1686351550507,3232007683281,{},{},{},{},3183621310043,3183621310043,A,KLBF.JK
1,2020-12-31,23112654991224,13038094694231,10074560296993,281059163361,6238254983450,{},-31246763499,19526162077543,3586492913681,77288670434,3586492913681,-75836781268,3663781584115,864159068301,870549214684,2799622515814,{},{},{},{},2733259864596,2733259864596,A,KLBF.JK
1,2019-12-31,22633476361038,12549610675220,10083865685818,286654521539,6486988541241,{},-26330852512,19296922885488,3336553475550,98129574085,3336553475550,-31055146298,3434683049635,897081225990,812456085037,2537601823645,{},{},{},{},2506764572075,2506764572075,A,KLBF.JK
1,2018-12-31,21074306186027,11399760134309,9674546051718,237873322482,6243726910771,{},-9807983228,17871552384334,3202753801693,133101155150,3202753801693,-19658761271,3335854956843,838592992086,671136820293,2497261964757,{},{},{},{},2457129032271,2457129032271,A,KLBF.JK
1,2022-06-30,6858880527895,4031309592281,2827570935614,77437130241,1777087869157,{},-9791021774,5876043569905,982836957990,67217546686,982836957990,-9333353460,1050054504676,229966625744,1679530038422,820087878932,{},{},{},{},802066548341,802066548341,Q,KLBF.JK
1,2022-03-31,0,0,0,77437130241,1777087869157,{},-9791021774,0,982836957990,0,0,-9333353460,1050054504676,0,1679530038422,820087878932,{},{},{},{},0,802066548341,Q,KLBF.JK
1,2021-12-31,7162499429379,4211769784660,2950729644719,70417510639,1698540021240,{},17971051612,5998698368151,1163801061228,11838021176,1163801061228,-9235947194,1175639082404,267942205976,1686351550507,907696876428,{},{},{},{},895886901749,895886901749,Q,KLBF.JK
1,2021-09-30,6728268420076,3883110133095,2845158286981,62880980937,1782623155259,{},-12067944773,5716546324518,1011722095558,42289498576,1011722095558,-11215721243,1054011594134,241448798407,1422435322689,812562795727,{},{},{},{},790449452095,790449452095,Q,KLBF.JK
1,2021-12-31,16138531000000,10930940000000,5207591000000,{},4198483000000,{},214296000000,15343719000000,794812000000,-1903063000000,794812000000,-2318307000000,-1108251000000,514932000000,3734030000000,-1623183000000,{},{},{},{},-1602894000000,-1602894000000,A,LPKR.JK
1,2020-12-31,11810955000000,11143694000000,667261000000,{},3853993000000,{},189270000000,15186957000000,-3376002000000,-5934771000000,-3376002000000,-1843417000000,-9310773000000,326447000000,4096176000000,-9637220000000,{},{},{},{},-8891100000000,-8891100000000,A,LPKR.JK
1,2019-12-31,12177173000000,8307224000000,3869949000000,{},3863332000000,{},1451505000000,13622061000000,-1444888000000,-220277000000,-1444888000000,-893772000000,-1665165000000,396253000000,5601322000000,-2061418000000,{},{},{},{},-1983299000000,-1983299000000,A,LPKR.JK
1,2018-12-31,11275019000000,6555895000000,4719124000000,{},3432638000000,{},807645000000,10796178000000,478841000000,1581324000000,478841000000,-547237000000,2060165000000,397480000000,7009159000000,1662685000000,{},{},{},{},719977000000,719977000000,A,LPKR.JK
1,2022-06-30,3451642000000,2099291000000,1352351000000,{},1026038000000,{},-20998000000,3104331000000,347311000000,-841962000000,347311000000,-433036000000,-494651000000,77126000000,3604304000000,-571777000000,{},{},{},{},-638413000000,-638413000000,Q,LPKR.JK
1,2022-03-31,3311065000000,2011274000000,1299791000000,{},1040654000000,{},10652000000,3062580000000,248485000000,-649519000000,248485000000,-433220000000,-401034000000,94136000000,3803859000000,-495170000000,{},{},{},{},-567552000000,-567552000000,Q,LPKR.JK
1,2021-12-31,5386257000000,4446025000000,940232000000,{},1196239000000,{},-121346000000,5520918000000,-134661000000,-897143000000,-134661000000,-579097000000,-1031804000000,9956000000,3734030000000,-1041760000000,{},{},{},{},-1029597000000,-1029597000000,Q,LPKR.JK
1,2021-09-30,3685745000000,2239789000000,1445956000000,{},1010586000000,{},304855000000,3555230000000,130515000000,-539325000000,130515000000,-592102000000,-408810000000,153121000000,5224441000000,-561931000000,{},{},{},{},-310258000000,-310258000000,Q,LPKR.JK
1,2021-12-31,5585975000000,2042066000000,3543909000000,{},1554736000000,{},-63977000000,4445842000000,1140133000000,-37234000000,1140133000000,-31160000000,1102899000000,190045000000,{},912854000000,{},{},{},{},912854000000,912854000000,A,LPPF.JK
1,2020-12-31,4839058000000,2050623000000,2788435000000,{},2270878000000,{},102545000000,5384237000000,-545179000000,-389225000000,-545179000000,-379657000000,-934404000000,-61223000000,{},-873181000000,{},{},{},{},-873181000000,-873181000000,A,LPPF.JK
1,2019-12-31,10276431000000,4160913000000,6115518000000,{},4349914000000,{},-32548000000,8478279000000,1798152000000,-35143000000,1798152000000,-56958000000,1763009000000,396125000000,{},1366884000000,{},{},{},{},1366884000000,1366884000000,A,LPPF.JK
1,2018-12-31,10245173000000,3907460000000,6337713000000,{},3633796000000,{},19921000000,7888974000000,2356199000000,-780878000000,2356199000000,-31182000000,1575321000000,477989000000,{},1097332000000,{},{},{},{},1097332000000,1097332000000,A,LPPF.JK
1,2022-06-30,2474409000000,773780000000,1700629000000,{},559058000000,{},-30043000000,1496585000000,977824000000,-8242000000,977824000000,{},969582000000,196259000000,{},773323000000,{},{},{},{},773323000000,773323000000,Q,LPPF.JK
1,2022-03-31,1287260000000,445530000000,841730000000,{},455611000000,{},-25911000000,1075148000000,212112000000,-29436000000,212112000000,-68353000000,182676000000,37629000000,{},145047000000,{},{},{},{},145047000000,145047000000,Q,LPPF.JK
1,2021-12-31,1501193000000,532253000000,968940000000,{},216259000000,{},-12119000000,979204000000,521989000000,24023000000,521989000000,-11468000000,546012000000,71852000000,{},474160000000,{},{},{},{},474160000000,474160000000,Q,LPPF.JK
1,2021-09-30,514945000000,195486000000,319459000000,{},-193495000000,{},-9233000000,662964000000,-148019000000,35826000000,-148019000000,-4573000000,-112193000000,-18405000000,{},-93788000000,{},{},{},{},-93788000000,-93788000000,Q,LPPF.JK
1,2021-12-31,1283312036,440722190,842589846,{},157019536,{},31777107,951474478,331837558,-46136819,331837558,-225134721,285700739,231900686,156610587,53800053,8800698,{},{},{},47019404,47019404,A,MEDC.JK
1,2020-12-31,1067837405,432928563,634908842,{},153723053,{},27601478,970016529,97820876,-209522407,97820876,-282232239,-111701531,72358640,187861543,-184060171,2906976,{},{},{},-192825309,-192825309,A,MEDC.JK
1,2019-12-31,1375721763,509204772,866516991,{},182369190,{},15828751,1027146951,348574812,-191713298,348574812,-227274338,156861514,195358203,159788640,-38496689,13545753,{},{},{},-38765488,-38765488,A,MEDC.JK
1,2018-12-31,1218251548,474993955,743257593,{},149351005,{},15828751,743367391,474884157,-272694368,474884157,-188990540,202189789,196480990,168061691,5708799,-34081735,{},{},{},-51302236,-51302236,A,MEDC.JK
1,2022-06-30,647707857,115350312,532357545,{},49542670,{},35359878,383965323,263742534,71467127,263742534,-63982618,335209661,150415123,178270463,184794538,526654,{},{},{},180067372,180067372,Q,MEDC.JK
1,2022-03-31,478845646,132517497,346328149,{},39652526,{},11210051,300448484,178397162,14624782,178397162,-64606797,193021944,96598897,166964632,96423047,-476799,{},{},{},90039355,90039355,Q,MEDC.JK
1,2021-12-31,356682091,112032857,244649234,{},39850094,{},17997548,236813727,119868364,-42017535,119868364,-57010086,77850829,85359350,156610587,-7508521,-191524,{},{},{},-9104088,-9104088,Q,MEDC.JK
1,2021-09-30,309195039,93333158,215861881,{},36129460,{},-919038,214172542,95022497,-31617078,95022497,-59108571,63405419,46915580,160469767,16489839,-328881,{},{},{},9638372,9638372,Q,MEDC.JK
1,2021-12-31,9621841000000,3991829000000,5630012000000,{},1857617000000,{},{},6183643000000,3438198000000,-225758000000,3438198000000,-262199000000,3212440000000,635741000000,557040000000,2576699000000,{},{},{},{},2377382000000,2377382000000,A,MNCN.JK
1,2020-12-31,7956238000000,3050672000000,4905566000000,{},1807454000000,{},{},5136045000000,2820193000000,-480532000000,2820193000000,-422210000000,2339661000000,468633000000,303862000000,1871028000000,{},{},{},{},1747519000000,1747519000000,A,MNCN.JK
1,2019-12-31,8353365000000,2835003000000,5518362000000,{},1804950000000,{},{},5094365000000,3259000000000,-319882000000,3259000000000,-436131000000,2939118000000,586589000000,895764000000,2352529000000,{},{},{},{},2233316000000,2233316000000,A,MNCN.JK
1,2018-12-31,7443905000000,2643184000000,4800721000000,{},1623994000000,{},{},4704142000000,2739763000000,-636194000000,2739763000000,-352721000000,2103569000000,497948000000,776551000000,1605621000000,{},{},{},{},1531395000000,1531395000000,A,MNCN.JK
1,2022-06-30,2669762000000,1157211000000,1512551000000,{},449410000000,{},{},1807654000000,862108000000,-61842000000,862108000000,-46240000000,800266000000,154491000000,697030000000,645775000000,{},{},{},{},583637000000,583637000000,Q,MNCN.JK
1,2022-03-31,2604550000000,975384000000,1629166000000,{},494890000000,{},{},1668245000000,936305000000,-61904000000,936305000000,-47414000000,874401000000,177441000000,634892000000,696960000000,{},{},{},{},619108000000,619108000000,Q,MNCN.JK
1,2021-12-31,2549077000000,1178578000000,1370499000000,{},568135000000,{},{},1631809000000,917268000000,19788000000,917268000000,-52058000000,937056000000,170774000000,557040000000,766282000000,{},{},{},{},694742000000,694742000000,Q,MNCN.JK
1,2021-09-30,2209673000000,945670000000,1264003000000,{},402444000000,{},{},1497103000000,712570000000,-36621000000,712570000000,-46619000000,675949000000,130172000000,492939000000,545777000000,{},{},{},{},490124000000,490124000000,Q,MNCN.JK
1,2021-12-31,3036100956,2451498121,584602835,{},153367801,{},-69988922,2534877000,501223956,-33285061,501223956,-150766121,467938895,103404760,759574656,364534135,{},{},{},{},303823865,303823865,A,PGAS.JK
1,2020-12-31,2885536105,2421222499,464313606,{},135125732,{},279312194,2835660425,49875680,-225231225,49875680,-167677375,-175355545,40412269,722302155,-215767814,{},{},{},{},-264773584,-264773584,A,PGAS.JK
1,2019-12-31,3848717684,2684324628,1164393056,{},645953307,{},86976949,3417254884,431462800,-151560309,431462800,-166264300,279902491,166921296,673434728,112981195,{},{},{},{},67584090,67584090,A,PGAS.JK
1,2018-12-31,3870266738,2602023129,1268243609,{},648207912,{},-13881880,3236349161,633917577,-49013292,633917577,-150568328,584904285,220265625,627353311,364638660,{},{},{},{},304991574,304991574,A,PGAS.JK
1,2022-06-30,903260344,669605217,233655127,{},45027908,{},-6773848,707859277,195401067,6011165,195401067,-30663300,201412232,62768092,772252535,138644140,{},{},{},{},120014369,120014369,Q,PGAS.JK
1,2022-03-31,836915729,650831842,186083887,{},36948527,{},-5161650,682618719,154297010,13798300,154297010,-34329773,168095310,28396952,780726903,139698358,{},{},{},{},118546111,118546111,Q,PGAS.JK
1,2021-12-31,781834178,865526702,-83692524,{},-185504304,{},-8214810,671807588,110026590,-28970780,110026590,-34908806,81055810,46492229,759574656,34563581,{},{},{},{},17611934,17611934,Q,PGAS.JK
1,2021-09-30,789706894,538858833,250848061,{},132642097,{},-13021023,658479907,131226987,686276,131226987,-36991896,131913263,23193308,766665596,108719955,{},{},{},{},89704481,89704481,Q,PGAS.JK
1,2021-12-31,29261468000000,15475204000000,13786264000000,{},3593731000000,{},280846000000,19349781000000,9911687000000,446988000000,9911687000000,-111088000000,10358675000000,2321787000000,194059000000,8036888000000,{},{},{},{},7909113000000,7909113000000,A,PTBA.JK
1,2020-12-31,17325192000000,12552674000000,4772518000000,{},2132233000000,{},166633000000,14851540000000,2473652000000,758033000000,2473652000000,-85742000000,3231685000000,823758000000,175792000000,2407927000000,{},{},{},{},2386819000000,2386819000000,A,PTBA.JK
1,2019-12-31,21787564000000,14038432000000,7749132000000,{},2763177000000,{},24523000000,16826132000000,4961432000000,493730000000,4961432000000,-74747000000,5455162000000,1414768000000,164551000000,4040394000000,{},{},{},{},4056888000000,4056888000000,A,PTBA.JK
1,2018-12-31,21166993000000,12479612000000,8687381000000,{},2656559000000,{},-193247000000,14942924000000,6224069000000,574987000000,6224069000000,-103543000000,6799056000000,1677944000000,254527000000,5121112000000,{},{},{},{},5023946000000,5023946000000,A,PTBA.JK
1,2022-06-30,10217947000000,5265180000000,4952767000000,{},794085000000,{},-82430000000,5976835000000,4241112000000,561002000000,4241112000000,-21213000000,4802114000000,826909000000,250644000000,3975205000000,{},{},{},{},3881336000000,3881336000000,Q,PTBA.JK
1,2022-03-31,8205116000000,4691879000000,3513237000000,{},600124000000,{},59956000000,5351959000000,2853157000000,169621000000,2853157000000,-12692000000,3022778000000,722139000000,219305000000,2300639000000,{},{},{},{},2275393000000,2275393000000,Q,PTBA.JK
1,2021-12-31,9879649000000,4579121000000,5300528000000,{},1601085000000,{},69891000000,6250097000000,3629552000000,283158000000,3629552000000,-69364000000,3912710000000,729206000000,194059000000,3183504000000,{},{},{},{},3141104000000,3141104000000,Q,PTBA.JK
1,2021-09-30,9090488000000,4343406000000,4747082000000,{},702313000000,{},66729000000,5112448000000,3978040000000,109996000000,3978040000000,-11317000000,4088036000000,1043415000000,241912000000,3044621000000,{},{},{},{},2989328000000,2989328000000,Q,PTBA.JK
1,2021-12-31,16763936677996,14598794410412,2165142267584,{},625238532386,{},409667361218,15913594754413,850341923583,117495316066,850341923583,-1352777275730,967837239649,606415255490,3476894184957,361421984159,{},{},{},{},265976722562,265976722562,A,PTPP.JK
1,2020-12-31,15831388462166,13604014191079,2227374271087,{},583536411070,{},291454798982,14757991232973,1073397229193,-272035338751,1073397229193,-901561470005,801361890442,489402555894,3352232392848,311959334548,{},{},{},{},164053051741,164053051741,A,PTPP.JK
1,2019-12-31,23573191977192,20272053781622,3301138195570,{},820878247546,{},121896196445,21391074541831,2182117435361,-348784312439,2182117435361,-786018534135,1833333122922,785180043039,3273445785465,1048153079883,{},{},{},{},819463019436,819463019436,A,PTPP.JK
1,2018-12-31,25119560112231,21647991667959,3471568444272,{},843164199687,{},64366117108,22791480991947,2328079120284,484427135421,2328079120284,-759837836078,2812506255705,853513196345,3549858950844,1958993059360,{},{},{},{},1501973077232,1501973077232,A,PTPP.JK
1,2022-06-30,4742957646886,4059741240884,683216406002,{},183248540445,{},33706159703,4314111205813,428846441073,-242724911193,428846441073,-336739105407,186121529880,127290451015,3600416610808,58831078865,{},{},{},{},58787811704,58787811704,Q,PTPP.JK
1,2022-03-31,4280517448134,3736047321945,544470126189,{},149470828385,{},27220266190,3959219031844,321298416290,-144299728233,321298416290,-257716743111,176998688057,123583328229,3570822577596,53415359828,{},{},{},{},28175810014,28175810014,Q,PTPP.JK
1,2021-12-31,5552178608977,4775967400852,776211208125,{},197482664407,{},215713934274,5329682243089,222496365888,150172189775,222496365888,-570256481489,372668555663,216009134180,3476894184957,156659421483,{},{},{},{},136560405893,136560405893,Q,PTPP.JK
1,2021-09-30,4754379330250,4163727032103,590652298147,{},114113214372,{},73797638042,4412847965499,341531364751,-92438667193,341531364751,-307983008390,249092697558,154553299388,3468857998158,94539398170,{},{},{},{},43375937190,43375937190,Q,PTPP.JK
1,2021-12-31,5930261093000,2912026524000,3018234569000,{},1323357646000,{},-66712305000,4168671865000,1761589228000,-35954995000,1761589228000,-51320323000,1725634233000,387648442000,1072978186000,1337985791000,{},{},{},{},1347464222000,1347464222000,A,SCMA.JK
1,2020-12-31,5101113259000,2510915900000,2590197359000,{},1134826227000,{},-21313075000,3624429052000,1476684207000,11415845000,1476684207000,-7855745000,1488100052000,338036813000,624382556000,1150063239000,{},{},{},{},1148342286000,1148342286000,A,SCMA.JK
1,2019-12-31,5523362497000,2870471984000,2652890513000,{},1171830360000,{},53909279000,4096211623000,1427150874000,25460815000,1427150874000,-2302705000,1452611689000,401447087000,580470963000,1051164602000,{},{},{},{},1070166566000,1070166566000,A,SCMA.JK
1,2018-12-31,5276794930000,2370859781000,2905935149000,{},1059983207000,{},5893177000,3436736165000,1840058765000,100816648000,1840058765000,-3398533000,1940875413000,465833213000,644539044000,1475042200000,{},{},{},{},1484762240000,1484762240000,A,SCMA.JK
1,2022-06-30,1628908897000,820573162000,808335735000,{},458874989000,{},8482183000,1287930334000,340978563000,79907103000,340978563000,-9635006000,420885666000,116840969000,1268473843000,304044697000,{},{},{},{},331596351000,331596351000,Q,SCMA.JK
1,2022-03-31,1534684384000,810397182000,724287202000,{},435070383000,{},-71704822000,1173762743000,360921641000,-3379586000,360921641000,-10013459000,357542055000,95863132000,1056506039000,261678923000,{},{},{},{},284843148000,284843148000,Q,SCMA.JK
1,2021-12-31,1539529357000,851085388000,688443969000,{},342997681000,{},-23538597000,1170544472000,368984885000,-15256367000,368984885000,-9254876000,353728518000,102886757000,1072978186000,250841761000,{},{},{},{},283499093000,283499093000,Q,SCMA.JK
1,2021-09-30,1443505840000,675442543000,768063297000,{},337667267000,{},2742388000,1015852198000,427653642000,-6888608000,427653642000,-10032168000,420765034000,81400293000,637674273000,339364741000,{},{},{},{},336580750000,336580750000,Q,SCMA.JK
1,2021-12-31,34957871000000,24196489000000,10761382000000,{},5742677000000,{},29167000000,29968333000000,4989538000000,-1519401000000,4989538000000,-1578692000000,3470137000000,1387790000000,3628326000000,2082347000000,{},{},{},{},2021190000000,2021190000000,A,SMGR.JK
1,2020-12-31,35171668000000,23411395000000,11760273000000,{},5945688000000,{},-117505000000,29239578000000,5932090000000,-2443440000000,5932090000000,-2287387000000,3488650000000,814307000000,1479926000000,2674343000000,{},{},{},{},2792321000000,2792321000000,A,SMGR.JK
1,2019-12-31,40368107000000,27828327000000,12539780000000,{},6446701000000,{},-110805000000,34164223000000,6203884000000,-3008109000000,6203884000000,-3179581000000,3195775000000,824542000000,1615109000000,2371233000000,{},{},{},{},2392151000000,2392151000000,A,SMGR.JK
1,2018-12-31,30687626000000,21529061000000,9158565000000,{},4385300000000,{},-133433000000,25780928000000,4906698000000,-801739000000,4906698000000,-930677000000,4104959000000,1019255000000,1423230000000,3085704000000,{},{},{},{},3079115000000,3079115000000,A,SMGR.JK
1,2022-03-31,8136705000000,5917303000000,2219402000000,{},1206926000000,{},-12830000000,7111399000000,1025306000000,-296564000000,1025306000000,-319392000000,728742000000,205276000000,3653290000000,523466000000,{},{},{},{},498566000000,498566000000,Q,SMGR.JK
1,2021-12-31,9627410000000,6167137000000,3460273000000,{},1784269000000,{},-42639000000,7908767000000,1718643000000,-369304000000,1718643000000,-339416000000,1349339000000,710743000000,3628326000000,638596000000,{},{},{},{},633483000000,633483000000,Q,SMGR.JK
1,2021-09-30,9117117000000,6349259000000,2767858000000,{},1417276000000,{},45570000000,7812105000000,1305012000000,-377933000000,1305012000000,-380253000000,927079000000,272257000000,4661669000000,654822000000,{},{},{},{},593585000000,593586000000,Q,SMGR.JK
1,2021-06-30,8136625000000,5877647000000,2258978000000,{},1313276000000,{},15346000000,7206269000000,930356000000,-406846000000,930356000000,-420668000000,523510000000,180702000000,1477373210000,342808000000,{},{},{},{},343759000000,343758000000,Q,SMGR.JK
1,2021-12-31,847523131,1693098170,-845575039,{},79023652,{},7561095,1823397315,-975874184,-205514509,-975874184,-116241229,-1181388693,-100050321,{},-1081338372,{},{},{},{},-1081338372,-1081338372,A,SRIL.JK
1,2020-12-31,1282569384,1056005818,226563566,{},49882698,{},3696269,1111465144,171104240,-69403692,171104240,-75510481,101700548,16375440,{},85325108,{},{},{},{},85325108,85325108,A,SRIL.JK
1,2019-12-31,1181834182,980398760,201435422,{},44279314,{},5128878,1029806952,152027230,-50478336,152027230,-82307841,101548894,13896346,{},87652548,{},{},{},{},87652548,87652548,A,SRIL.JK
1,2018-12-31,1033945566,850736457,183209109,{},41797807,{},4444749,896979013,136966553,-37553211,136966553,-63434510,99413342,14857309,{},84556033,{},{},{},{},84556033,84556033,A,SRIL.JK
1,2022-06-30,167539406,163511418,4027988,{},21052716,{},3942767,188506901,-20967495,216410,-20967495,{},-20751085,480940,{},-21232025,{},{},{},{},-21232025,-21232025,Q,SRIL.JK
1,2022-03-31,181359582,192536090,-11176508,{},26985688,{},-40232,219481546,-38121964,240957,-38121964,{},-37881007,1097922,{},-38978929,{},{},{},{},-38978929,-38978929,Q,SRIL.JK
1,2021-12-31,210403175,389150387,-178747212,{},21717346,{},1641136,302724330,-92321155,-161105978,-92321155,-69044167,-253427133,-96595630,{},-156831503,{},{},{},{},-156831503,-156831503,Q,SRIL.JK
1,2021-09-30,110907744,119727304,-8819560,{},21653397,{},2632306,144013007,-33105263,-4837061,-33105263,-5070738,-37942324,439631,{},-38381955,{},{},{},{},-38381955,-38381955,Q,SRIL.JK
1,2021-12-31,5203100578000,2879672362000,2323428216000,{},599102769000,{},-74423433000,3404351698000,1798748880000,75203304000,1798748880000,-510141554000,1873952184000,347081310000,32517120000,1526870874000,{},{},{},{},1515514388000,1515514388000,A,SSMS.JK
1,2020-12-31,4011130559000,2154235996000,1856894563000,{},592610930000,{},12332934000,2759179860000,1251950699000,-352404765000,1251950699000,-537798165000,899545934000,318690994000,23242399000,580854940000,{},{},{},{},576634024000,576634024000,A,SSMS.JK
1,2019-12-31,3277806795000,2164302690000,1113504105000,{},572580146000,{},223115213000,2959998049000,317808746000,-163216125000,317808746000,-487548098000,154592621000,142510662000,19010840000,12081959000,{},{},{},{},11680187000,11680187000,A,SSMS.JK
1,2018-12-31,3710780545000,2218741958000,1492038587000,{},557408876000,{},157252964000,2933403798000,777376747000,-436507935000,777376747000,-449585966000,340868812000,254097843000,18555072000,86770969000,{},{},{},{},86203451000,86203451000,A,SSMS.JK
1,2022-06-30,1170341946000,762273749000,408068197000,{},168991749000,{},-47267949000,883997549000,286344397000,-195318980000,286344397000,-123340471000,91025417000,63953325000,39683000000,27072092000,{},{},{},{},26034098000,26034098000,Q,SSMS.JK
1,2022-03-31,2181160578000,688780951000,1492379627000,{},169685570000,{},-10964334000,847502187000,1333658391000,-62157043000,1333658391000,-121562773000,1271501348000,274874437000,40023987000,996626911000,{},{},{},{},989659554000,989659554000,Q,SSMS.JK
1,2021-12-31,1514229244000,805731266000,708497978000,{},148718284000,{},-13263843000,941185707000,573043537000,-4892869000,573043537000,-126637126000,568150668000,75455081000,32517120000,492695587000,{},{},{},{},487586560000,487586560000,Q,SSMS.JK
1,2021-09-30,1350812232000,738574207000,612238025000,{},183032530000,{},-33299337000,888307400000,462504832000,4254292000,462504832000,-127830563000,466759124000,132933675000,28483134000,333825449000,{},{},{},{},331598491000,331598491000,Q,SSMS.JK
1,2021-12-31,143210000000000,53530000000000,89680000000000,{},13957000000000,{},-41000000000,98985000000000,44225000000000,-547000000000,44225000000000,-4365000000000,43678000000000,9730000000000,23753000000000,33948000000000,{},{},{},{},24760000000000,24760000000000,A,TLKM.JK
1,2020-12-31,136462000000000,50675000000000,85787000000000,{},13707000000000,{},-40000000000,93130000000000,43332000000000,-4557000000000,43332000000000,-4520000000000,38775000000000,9212000000000,18362000000000,29563000000000,{},{},{},{},20804000000000,20804000000000,A,TLKM.JK
1,2019-12-31,135567000000000,60315000000000,75252000000000,{},10420000000000,{},-629000000000,93284000000000,42283000000000,-4375000000000,42283000000000,-4240000000000,37908000000000,10316000000000,17689000000000,27592000000000,{},{},{},{},18663000000000,18663000000000,A,TLKM.JK
1,2018-12-31,130784000000000,61252000000000,69532000000000,{},10351000000000,{},-849000000000,92160000000000,38624000000000,-2219000000000,38624000000000,-3507000000000,36405000000000,9426000000000,18393000000000,26979000000000,{},{},{},{},18032000000000,18032000000000,A,TLKM.JK
1,2022-06-30,36775000000000,14212000000000,22563000000000,{},2504000000000,{},1000000000,25727000000000,11048000000000,519000000000,11048000000000,-1008000000000,11567000000000,1868000000000,20438000000000,9699000000000,{},{},{},{},7192000000000,7192000000000,Q,TLKM.JK
1,2022-03-31,35208000000000,13808000000000,21400000000000,{},2012000000000,{},77000000000,23873000000000,11335000000000,-1473000000000,11335000000000,-945000000000,9862000000000,2006000000000,25536000000000,7856000000000,{},{},{},{},6118000000000,6118000000000,Q,TLKM.JK
1,2021-12-31,37167000000000,15150000000000,22017000000000,{},4221000000000,{},367000000000,29094000000000,8073000000000,2345000000000,8073000000000,-978000000000,10418000000000,2133000000000,23753000000000,8285000000000,{},{},{},{},5888000000000,5888000000000,Q,TLKM.JK
1,2021-09-30,36563000000000,11183000000000,25380000000000,{},5212000000000,{},-27000000000,23853000000000,12710000000000,-1244000000000,12710000000000,-1322000000000,11466000000000,2723000000000,14093000000000,8743000000000,{},{},{},{},6421000000000,6421000000000,Q,TLKM.JK
1,2021-12-31,2580425000,2235404000,345021000,{},91312000,{},{},2326716000,253709000,-51494000,253709000,-55551000,202215000,50211000,3493000,152004000,{},{},{},{},152121000,152121000,A,TPIA.JK
1,2020-12-31,1806444000,1641322000,165122000,{},83664000,{},{},1724986000,81458000,-58885000,81458000,-56414000,22573000,-28969000,4358000,51542000,{},{},{},{},51352000,51352000,A,TPIA.JK
1,2019-12-31,1880989000,1709877000,171112000,{},84542000,{},{},1794419000,86570000,-54029000,86570000,-47507000,32541000,8894000,5452000,23647000,{},{},{},{},22882000,22882000,A,TPIA.JK
1,2018-12-31,2543219000,2152729000,390490000,{},75729000,{},{},2228458000,314761000,-60694000,314761000,-42071000,254067000,71751000,5686000,182316000,{},{},{},{},181651000,181651000,A,TPIA.JK
1,2022-03-31,677747000,652720000,25027000,{},27780000,{},{},680500000,-2753000,-12413000,-2753000,-12985000,-15166000,-4049000,3611000,-11117000,{},{},{},{},-11235000,-11235000,Q,TPIA.JK
1,2021-12-31,699227000,661002000,38225000,{},21066000,{},{},682068000,17159000,-16875000,17159000,-13305000,284000,13964000,3493000,-13680000,{},{},{},{},-13282000,-13282000,Q,TPIA.JK
1,2021-09-30,619330000,585734000,33596000,{},22496000,{},{},608230000,11100000,-8338000,11100000,-13726000,2762000,1685000,4639000,1077000,{},{},{},{},1022000,1022000,Q,TPIA.JK
1,2021-06-30,663460000,537861000,125599000,{},22270000,{},{},560131000,103329000,-12163000,103329000,-11925000,91166000,11090000,4584000,80076000,{},{},{},{},79999000,79999000,Q,TPIA.JK
1,2021-12-31,79460503000000,59795542000000,19664961000000,{},4789346000000,{},280570000000,64980827000000,14479676000000,159249000000,14479676000000,-431215000000,14638925000000,4030658000000,3262834000000,10608267000000,{},{},{},{},10279683000000,10279683000000,A,UNTR.JK
1,2020-12-31,60346784000000,47357491000000,12989293000000,{},4695316000000,{},461234000000,52618411000000,7728373000000,-566705000000,7728373000000,-719278000000,7161668000000,1529243000000,2860757000000,5632425000000,{},{},{},{},6003200000000,6003200000000,A,UNTR.JK
1,2019-12-31,84430478000000,63199825000000,21230653000000,{},4625642000000,{},-236519000000,67588948000000,16841530000000,-1141550000000,16841530000000,-761976000000,15699980000000,4565339000000,2898018000000,11134641000000,{},{},{},{},11312071000000,11312071000000,A,UNTR.JK
1,2018-12-31,84624733000000,63515207000000,21109526000000,{},4339176000000,{},382312000000,68423887000000,16200846000000,-211606000000,16200846000000,-475160000000,15989240000000,4490831000000,3271349000000,11498409000000,{},{},{},{},11125626000000,11125626000000,A,UNTR.JK
1,2022-06-30,32468173000000,22994227000000,9473946000000,{},1136441000000,{},39786000000,24170454000000,8297719000000,357718000000,8297719000000,-63832000000,8655437000000,1901166000000,4193076000000,6754271000000,{},{},{},{},6035796000000,6035796000000,Q,UNTR.JK
1,2022-03-31,27978713000000,20941361000000,7037352000000,{},1153460000000,{},88873000000,22183694000000,5795019000000,226501000000,5795019000000,-162257000000,6021520000000,1303684000000,3610233000000,4717836000000,{},{},{},{},4320807000000,4320807000000,Q,UNTR.JK
1,2021-12-31,21638137000000,15495539000000,6142598000000,{},1582949000000,{},143383000000,17337240000000,4300897000000,-353096000000,4300897000000,-93905000000,3947801000000,1405456000000,3262834000000,2542345000000,{},{},{},{},2462448000000,2462448000000,Q,UNTR.JK
1,2021-09-30,20511772000000,15013872000000,5497900000000,{},1218852000000,{},94395000000,16327119000000,4184653000000,232548000000,4184653000000,-121322000000,4417201000000,1040080000000,3353962000000,3377121000000,{},{},{},{},3301529000000,3301529000000,Q,UNTR.JK
1,2021-12-31,39545959000000,19919572000000,19626387000000,{},11948464000000,{},-3841000000,31864195000000,7681764000000,-185172000000,7681764000000,-184876000000,7496592000000,1738444000000,{},5758148000000,{},{},{},{},5758148000000,5758148000000,A,UNVR.JK
1,2020-12-31,42972474000000,20515484000000,22456990000000,{},12985856000000,{},12411000000,33513751000000,9458723000000,-251854000000,9458723000000,-248790000000,9206869000000,2043333000000,{},7163536000000,{},{},{},{},7163536000000,7163536000000,A,UNVR.JK
1,2019-12-31,42922563000000,20893870000000,22028693000000,{},11910869000000,{},-5561000000,32799178000000,10123385000000,-221613000000,10123385000000,-230230000000,9901772000000,2508935000000,{},7392837000000,{},{},{},{},7392837000000,7392837000000,A,UNVR.JK
1,2018-12-31,41802073000000,20697246000000,21104827000000,{},11603232000000,{},-5561000000,32300478000000,9501595000000,2646492000000,9501595000000,-191900000000,12148087000000,3066900000000,{},9081187000000,{},{},{},{},9081187000000,9081187000000,A,UNVR.JK
1,2022-06-30,10625342000000,5553223000000,5072119000000,{},3236062000000,{},-7159000000,8782126000000,1843216000000,-8088000000,1843216000000,-11529000000,1835128000000,426400000000,{},1408728000000,{},{},{},{},1408728000000,1408728000000,Q,UNVR.JK
1,2022-03-31,10838042000000,5565037000000,5273005000000,{},2632105000000,{},1280000000,8198422000000,2639620000000,-31817000000,2639620000000,-33021000000,2607803000000,586596000000,{},2021207000000,{},{},{},{},2021207000000,2021207000000,Q,UNVR.JK
1,2021-12-31,9516429000000,4983091000000,4533338000000,{},2665229000000,{},717000000,7649037000000,1867392000000,-33854000000,1867392000000,-34171000000,1833538000000,454184000000,{},1379354000000,{},{},{},{},1379354000000,1379354000000,Q,UNVR.JK
1,2021-09-30,9852760000000,5007322000000,4845438000000,{},3072716000000,{},-3848000000,8076190000000,1776570000000,-58988000000,1776570000000,-57587000000,1717582000000,384680000000,{},1332902000000,{},{},{},{},1332902000000,1332902000000,Q,UNVR.JK
1,2021-12-31,17809717726000,16115147791000,1694569935000,{},788413587000,{},-93148044000,16810413334000,999304392000,-390116054000,999304392000,-1157283771000,609188338000,394763544000,4387994753000,214424794000,{},{},{},{},117666931000,117666931000,A,WIKA.JK
1,2020-12-31,16536381639000,15011596163000,1524785476000,{},894569012000,{},-256363775000,15649801400000,886580239000,-175427313000,886580239000,-1221502016000,711152926000,388810413000,2979294131000,322342513000,{},{},{},{},185766178000,185766178000,A,WIKA.JK
1,2019-12-31,27212914210000,23732835386000,3480078824000,{},930543092000,{},-3931787000,24659446691000,2553467519000,931965973000,2553467519000,-884252228000,3485433492000,864418352000,2713029619000,2621015140000,{},{},{},{},2285022038000,2285022038000,A,WIKA.JK
1,2018-12-31,31158193498000,27553466348000,3604727150000,{},785744845000,{},31806557000,28371017750000,2787175748000,298395689000,2787175748000,-972528679000,3085571437000,1012271573000,2411700264000,2073299864000,{},{},{},{},1730256243000,1730256243000,A,WIKA.JK
1,2022-06-30,4020721809000,3751610503000,269111306000,{},144841717000,{},-136261090000,3760191130000,260530679000,-174316435000,260530679000,-266898371000,86214244000,83340399000,4399834922000,2873845000,{},{},{},{},-14652587000,-14652587000,Q,WIKA.JK
1,2022-03-31,3163086631000,2804961845000,358124786000,{},205202927000,{},-45978386000,2964186386000,198900245000,-115291790000,198900245000,-283328243000,83608455000,74129285000,4398365163000,9479170000,{},{},{},{},1328909000,1328909000,Q,WIKA.JK
1,2021-12-31,6161748974000,5441617307000,720131667000,{},212298052000,{},41597408000,5695512767000,466236207000,-299660955000,466236207000,-438588521000,166575252000,138103049000,4387994753000,28472203000,{},{},{},{},12723411000,12723411000,Q,WIKA.JK
1,2021-09-30,4880996086000,4453187232000,427808854000,{},200857605000,{},168031140000,4822075977000,58920109000,78961768000,58920109000,-128778669000,137881877000,88027747000,4408991301000,49854130000,{},{},{},{},21525981000,21525981000,Q,WIKA.JK
1,2021-12-31,1380071332830,1434693811346,-54622478516,{},1371772994133,{},{},2806466805479,-1426395472649,-508312798390,-1426395472649,-617250878677,-1934708271039,8654167357,{},-1943362438396,{},{},{},{},-1943362438396,-1943362438396,A,WSBP.JK
1,2020-12-31,2211413142070,3697573214843,-1486160072773,{},1568568111617,{},{},5266141326460,-3054728184390,-1047734275019,-3054728184390,-761342954810,-4102462459409,184848916686,{},-4287311376095,{},{},{},{},-4287311376095,-4287311376095,A,WSBP.JK
1,2019-12-31,7467175916375,5904248163360,1562927753015,{},273932420696,{},{},6178180584056,1288995332319,-300582465436,1288995332319,-312445392896,988412866883,182264113957,{},806148752926,{},{},{},{},806148752926,806148752926,A,WSBP.JK
1,2018-12-31,8000149423527,6153867715706,1846281707821,{},196479227148,{},{},6350346942854,1649802480673,-255666918502,1649802480673,-331723112056,1394135562171,290662773989,{},1103472788182,{},{},{},{},1103472788182,1103472788182,A,WSBP.JK
1,2022-06-30,453365048075,471832912452,-18467864377,{},482868435001,{},{},954701347453,-501336299378,2211591410608,-501336299378,-133090304495,1710255111230,5702518063,{},1704552593167,{},{},{},{},1704552593167,1704552593167,Q,WSBP.JK
1,2022-03-31,290423860198,313444514091,-23020653893,{},105343861560,{},{},418788375651,-128364515453,-146028446293,-128364515453,-146255925063,-274392961746,2426798179,{},-276819759925,{},{},{},{},-276819759925,-276819759925,Q,WSBP.JK
1,2021-12-31,636086012657,391559825463,244526187194,{},1240548553054,{},{},1632108378517,-996022365860,-507903163056,-996022365860,-253901525131,-1503925528916,160387603053,{},-1664313131969,{},{},{},{},-1664313131969,-1664313131969,Q,WSBP.JK
1,2021-09-30,333122466537,397238575868,-64116109331,{},50230952279,{},{},447469528147,-114347061610,-31986452209,-114347061610,-109888878875,-146333513819,-44294481668,{},-102039032151,{},{},{},{},-102039032151,-102039032151,Q,WSBP.JK
1,2021-12-31,12224128315553,10325642190087,1898486125466,{},2305100736693,{},{},12630742926780,-406614611227,-439311288557,-406614611227,-4840185769843,-845925899784,992807542191,5391659874555,-1838733441975,{},{},{},{},-1096212049912,-1096212049912,A,WSKT.JK
1,2020-12-31,16190456515103,15136023660455,1054432854648,{},4724338963488,{},{},19860362623943,-3669906108840,-4997963060972,-3669906108840,-4877332458300,-8667869169812,619924028000,8232699173716,-9287793197812,{},{},{},{},-7359679861100,-7359679861100,A,WSKT.JK
1,2019-12-31,31387389629869,25782746866464,5604642763405,{},1371547283663,{},197802480370,27352096630497,4035292999372,-2000225656219,4035292999372,-3620533969507,2035067343153,1006168975262,11236061197428,1028898367891,{},{},{},{},938142364887,938142364887,A,WSKT.JK
1,2018-12-31,48788950838822,39926332089924,8862618748898,{},1667745969535,{},423475576187,42017553635646,6771397203176,254560670874,6771397203176,-2459241670378,7025957874050,2406390168497,10886002685490,4619567705553,{},{},{},{},3962838031865,3962838031865,A,WSKT.JK
1,2022-06-30,3342124068701,3014609457275,327514611426,{},698311339653,{},{},3712920796928,-370796728227,1784362227768,-370796728227,-985530190615,1413565499541,151931253537,8775253224075,1261634246004,{},{},{},{},594121512951,594121512951,Q,WSKT.JK
1,2022-03-31,2748257253455,2418591449030,329665804425,{},594826274464,{},{},3013417723494,-265160470039,-565193427452,-265160470039,-980929631483,-830353897491,137360011900,5254585135447,-967713909391,{},{},{},{},-830639170283,-830639170283,Q,WSKT.JK
1,2021-12-31,5098889222114,3477313885737,1621575336377,{},1120420857303,{},{},4597734743040,501154479074,-2027535124865,501154479074,-2254104371486,-1526380645791,457377607859,5391659874555,-1983758253650,{},{},{},{},-1348926077734,-1348926077734,Q,WSKT.JK
1,2021-09-30,2414728699677,2308207727532,106520972145,{},492662234765,{},{},2800869962297,-386141262620,482094831771,-386141262620,-557297607046,95953569151,105984141418,7854797636090,-10030572267,{},{},{},{},98582308497,98582308497,Q,WSKT.JK
